@misc{baraheem2022surveydifferentialprivacymachine,
	title={A Survey on Differential Privacy with Machine Learning and Future Outlook}, 
	author={Samah Baraheem and Zhongmei Yao},
	year={2022},
	eprint={2211.10708},
	archivePrefix={arXiv},
	primaryClass={cs.LG},
	url={https://arxiv.org/abs/2211.10708}, 
}

@article{yang2023local,
	title={Local differential privacy and its applications: A comprehensive survey},
	author={Yang, Mengmeng and Guo, Taolin and Zhu, Tianqing and Tjuawinata, Ivan and Zhao, Jun and Lam, Kwok-Yan},
	journal={Computer Standards \& Interfaces},
	pages={103827},
	year={2023},
	publisher={Elsevier}
}

@inproceedings{Bassily_2015, series={STOC ’15},
	title={Local, Private, Efficient Protocols for Succinct Histograms},
	url={http://dx.doi.org/10.1145/2746539.2746632},
	DOI={10.1145/2746539.2746632},
	booktitle={Proceedings of the forty-seventh annual ACM symposium on Theory of Computing},
	publisher={ACM},
	author={Bassily, Raef and Smith, Adam},
	year={2015},
	month=jun, collection={STOC ’15} }

@article{zhou2024secure,
	title={Secure Multi-Party Computation for Machine Learning: A Survey},
	author={Zhou, Ian and Tofigh, Farzad and Piccardi, Massimo and Abolhasan, Mehran and Franklin, Daniel and Lipman, Justin},
	journal={IEEE Access},
	year={2024},
	publisher={IEEE}
}

@article{zhao2019secure,
  title={Secure multi-party computation: theory, practice and applications},
  author={Zhao, Chuan and Zhao, Shengnan and Zhao, Minghao and Chen, Zhenxiang and Gao, Chong-Zhi and Li, Hongwei and Tan, Yu-an},
  journal={Information Sciences},
  volume={476},
  pages={357--372},
  year={2019},
  publisher={Elsevier}
}

@inproceedings{boyle2019efficient,
  title={Efficient pseudorandom correlation generators: Silent OT extension and more},
  author={Boyle, Elette and Couteau, Geoffroy and Gilboa, Niv and Ishai, Yuval and Kohl, Lisa and Scholl, Peter},
  booktitle={Advances in Cryptology--CRYPTO 2019: 39th Annual International Cryptology Conference, Santa Barbara, CA, USA, August 18--22, 2019, Proceedings, Part III 39},
  pages={489--518},
  year={2019},
  organization={Springer}
}

@misc{betterCRG,
      author = {Elette Boyle and Geoffroy Couteau and Niv Gilboa and Yuval Ishai and Lisa Kohl and Peter Scholl},
      title = {Efficient Pseudorandom Correlation Generators from Ring-{LPN}},
      howpublished = {Cryptology {ePrint} Archive, Paper 2022/1035},
      year = {2022},
      doi = {10.1007/978-3-030-56880-1_14},
      url = {https://eprint.iacr.org/2022/1035}
}
